@book{boucheron2013concentration,
  title={Concentration inequalities: A nonasymptotic theory of independence},
  author={Boucheron, St{\'e}phane and Lugosi, G{\'a}bor and Massart, Pascal},
  year={2013},
  publisher={Oxford university press}
}

@article{rigollet2015high,
  title={High dimensional statistics},
  author={Rigollet, Phillippe and H{\"u}tter, Jan-Christian},
  journal={Lecture notes for course 18S997},
  year={2015}
}

@book{vershynin2018high,
  title={High-dimensional probability: An introduction with applications in data science},
  author={Vershynin, Roman},
  volume={47},
  year={2018},
  publisher={Cambridge University Press}
}




